@article{delaPrida2021,
  title={Listening Tests in Room Acoustics: Comparison of overall differences regarding operational power},
  author={de la Prida, D., Pedrero, A. et al.},
  journal={Applied Acoustics},
  volume={182},
  year={2021},
  publisher={Elsevier}
}

@article{delaPrida2019,
  title={Methodology for the subjective evaluation of airborne sound insulation
through 2-AC and Thurstonian models},
  author={de la Prida, D., Pedrero, A. et al.},
  journal={Applied Acoustics},
  volume={157},
  year={2019},
  publisher={Elsevier}
}
@article{Tejada2020,
publisher = {Víctor de Tejada Molera},
year = {2020},
title = {Desarrollo de un protocolo para la realización de experimentos de percepción subjetiva},
author = {Tejada Molera, Víctor de},
keywords = {Psicoacústica; Mediciones; Trabajos fin de grado},
}

@article{Brockhoff2009,
  title={Thurstonian models for sensory discrimination tests as generalized linear models},
  author={Brockhoff P. and Christensen R.},
  journal={Food Quality and Preference},
  volume={21},
  year={2010},
  publisher={Elsevier}
}

@article{Lee2004,
  title={Sensory Difference Testing: Thurstonian Models},
  author={Lee H. and OMahony M.},
  journal={Food Science and Biotechnology},
  volume={13},
  number={6},
  pages={841--847},
  year={2004},
  publisher={The Korean Society of Food Science and Technology}
}

@article{Hallgreen2012,
  title={Computing Inter-Rater Reliability for Observational Data: An
Overview and Tutorial},
  author={Hallgreen K.},
  journal={Tutor Quant Methods Psychol},
  volume={8},
  year={2012},
  publisher={National Institute of Health}
}